@article{wang2017visualization,
  title={Visualization and analysis of single-cell RNA-seq data by kernel-based similarity learning},
  author={Wang, Bo and Zhu, Junjie and Pierson, Emma and Ramazzotti, Daniele and Batzoglou, Serafim},
  journal={Nature Methods},
  volume={14},
  number={4},
  pages={414--416},
  year={2017},
  publisher={Nature Research}
}
@inproceedings{xia2014robust,
  title={Robust Multi-View Spectral Clustering via Low-Rank and Sparse Decomposition.},
  author={Xia, Rongkai and Pan, Yan and Du, Lei and Yin, Jian},
  booktitle={AAAI},
  pages={2149--2155},
  year={2014}
}
@article{richard2012estimation,
  title={Estimation of simultaneously sparse and low rank matrices},
  author={Richard, Emile and Savalle, Pierre-Andr{\'e} and Vayatis, Nicolas},
  journal={arXiv preprint arXiv:1206.6474},
  year={2012}
}
@inproceedings{duchi2008efficient,
  title={Efficient projections onto the l 1-ball for learning in high dimensions},
  author={Duchi, John and Shalev-Shwartz, Shai and Singer, Yoram and Chandra, Tushar},
  booktitle={Proceedings of the 25th international conference on Machine learning},
  pages={272--279},
  year={2008},
  organization={ACM}
}

