@article{yan2013single,
  title={Single-cell RNA-Seq profiling of human preimplantation embryos and embryonic stem cells},
  author={Yan, Liying and Yang, Mingyu and Guo, Hongshan and Yang, Lu and Wu, Jun and Li, Rong and Liu, Ping and Lian, Ying and Zheng, Xiaoying and Yan, Jie and others},
  journal={Nature Structural and Molecular Biology},
  volume={20},
  number={9},
  pages={1131},
  year={2013},
  publisher={Nature Publishing Group}
}
@article{li2017reference,
  title={Reference component analysis of single-cell transcriptomes elucidates cellular heterogeneity in human colorectal tumors},
  author={Li, Huipeng and Courtois, Elise T and Sengupta, Debarka and Tan, Yuliana and Chen, Kok Hao and Goh, Jolene Jie Lin and Kong, Say Li and Chua, Clarinda and Hon, Lim Kiat and Tan, Wah Siew and others},
  journal={Nature genetics},
  volume={49},
  number={5},
  pages={708},
  year={2017},
  publisher={Nature Publishing Group}
}
@article{chu2016single,
  title={Single-cell RNA-seq reveals novel regulators of human embryonic stem cell differentiation to definitive endoderm},
  author={Chu, Li-Fang and Leng, Ning and Zhang, Jue and Hou, Zhonggang and Mamott, Daniel and Vereide, David T and Choi, Jeea and Kendziorski, Christina and Stewart, Ron and Thomson, James A},
  journal={Genome biology},
  volume={17},
  number={1},
  pages={173},
  year={2016},
  publisher={BioMed Central}
}
@article{zeisel2015cell,
  title={Cell types in the mouse cortex and hippocampus revealed by single-cell RNA-seq},
  author={Zeisel, Amit and Mu{\~n}oz-Manchado, Ana B and Codeluppi, Simone and L{\"o}nnerberg, Peter and La Manno, Gioele and Jur{\'e}us, Anna and Marques, Sueli and Munguba, Hermany and He, Liqun and Betsholtz, Christer and others},
  journal={Science},
  volume={347},
  number={6226},
  pages={1138--1142},
  year={2015},
  publisher={American Association for the Advancement of Science}
}
@Manual{diceR,
    title = {diceR: Diverse Cluster Ensemble in R},
    author = {Derek Chiu and Aline Talhouk},
    year = {2018},
    note = {R package version 0.5.0},
    url = {https://CRAN.R-project.org/package=diceR},
  }


